<record><leader>00000cas a2200000 a 4500</leader><controlfield tag="001">10437632</controlfield><controlfield tag="008">840221d18911910paudn ne      0   a0eng c</controlfield><datafield ind1=" " ind2=" " tag="010"><subfield code="a">sn 84026355 </subfield></datafield><datafield ind1=" " ind2=" " tag="040"><subfield code="a">NPU</subfield><subfield code="b">eng</subfield><subfield code="c">NPU</subfield><subfield code="d">NPH</subfield><subfield code="d">NPX</subfield><subfield code="d">NPH</subfield><subfield code="d">DLC</subfield><subfield code="d">OCLCQ</subfield><subfield code="d">OCLCF</subfield></datafield><datafield ind1="1" ind2=" " tag="022"><subfield code="a">2151-4038</subfield><subfield code="2">1</subfield></datafield><datafield ind1="1" ind2=" " tag="029"><subfield code="a">AU@</subfield><subfield code="b">000025841509</subfield></datafield><datafield ind1="1" ind2=" " tag="029"><subfield code="a">NZ1</subfield><subfield code="b">16068980</subfield></datafield><datafield ind1=" " ind2=" " tag="042"><subfield code="a">pcc</subfield><subfield code="a">nsdp</subfield></datafield><datafield ind1=" " ind2=" " tag="043"><subfield code="a">n-us-pa</subfield></datafield><datafield ind1="0" ind2="0" tag="050"><subfield code="a">Newspaper</subfield></datafield><datafield ind1="0" ind2=" " tag="130"><subfield code="a">Scranton tribune (Scranton, Pa. : 1891)</subfield></datafield><datafield ind1=" " ind2="4" tag="222"><subfield code="a">The Scranton tribune</subfield><subfield code="b">(Scranton, Pa. 1891)</subfield></datafield><datafield ind1="1" ind2="4" tag="245"><subfield code="a">The Scranton tribune.</subfield></datafield><datafield ind1=" " ind2=" " tag="260"><subfield code="a">Scranton, Pa. :</subfield><subfield code="b">Tribune Pub. Co.,</subfield><subfield code="c">1891-1910.</subfield></datafield><datafield ind1=" " ind2=" " tag="300"><subfield code="a">v. :</subfield><subfield code="b">ill. ;</subfield><subfield code="c">53-64 cm.</subfield></datafield><datafield ind1=" " ind2=" " tag="310"><subfield code="a">Daily (except Sun.)</subfield></datafield><datafield ind1="0" ind2=" " tag="362"><subfield code="a">Vol. 1, no. 1 (June 20, 1891)- ; -v. 75, no. 25 (Jan. 29, 1910).</subfield></datafield><datafield ind1=" " ind2=" " tag="500"><subfield code="a">Sunday ed: Scrantonian.</subfield></datafield><datafield ind1=" " ind2=" " tag="500"><subfield code="a">Editor: Claude G. Whetstone.</subfield></datafield><datafield ind1=" " ind2=" " tag="530"><subfield code="a">Archived issues are available in digital format as part of the Library of Congress Chronicling America online collection.</subfield></datafield><datafield ind1=" " ind2=" " tag="580"><subfield code="a">Merged with: Scranton Republican (Scranton, Pa. : 1877 : Daily), to form: Tribune-Republican (Scranton, Pa.). Cf. Salisbury, R. Pa. newspapers.</subfield></datafield><datafield ind1=" " ind2="0" tag="651"><subfield code="a">Scranton (Pa.)</subfield><subfield code="v">Newspapers.</subfield></datafield><datafield ind1=" " ind2="7" tag="655"><subfield code="a">Newspapers.</subfield><subfield code="2">fast</subfield><subfield code="0">(OCoLC)fst01423814</subfield></datafield><datafield ind1=" " ind2="7" tag="651"><subfield code="a">Pennsylvania</subfield><subfield code="z">Scranton.</subfield><subfield code="2">fast</subfield><subfield code="0">(OCoLC)fst01208014</subfield></datafield><datafield ind1=" " ind2=" " tag="752"><subfield code="a">United States</subfield><subfield code="b">Pennsylvania</subfield><subfield code="c">Lackawanna</subfield><subfield code="d">Scranton.</subfield></datafield><datafield ind1="1" ind2=" " tag="775"><subfield code="t">Scrantonian</subfield><subfield code="w">(DLC)sn 87080644</subfield><subfield code="w">(OCoLC)15349864</subfield></datafield><datafield ind1="1" ind2="7" tag="785"><subfield code="t">Scranton Republican (Scranton, Pa. : 1877 : Daily)</subfield><subfield code="w">(DLC)sn 84026359</subfield><subfield code="w">(OCoLC)10437693</subfield></datafield><datafield ind1="1" ind2="7" tag="785"><subfield code="t">Tribune-Republican (Scranton, Pa.)</subfield><subfield code="w">(DLC)sn 86082002</subfield><subfield code="w">(OCoLC)14233434</subfield></datafield><datafield ind1="4" ind2="1" tag="856"><subfield code="u">http://www.loc.gov/chroniclingamerica/lccn/sn84026355/issues</subfield></datafield></record>